%   ****************************************
%   * File: SAMPLE.BIB                     *
%   ****************************************
%   * An invented bib file                 *
%   * For the sample texts                 *
%   * The order is unimportant and there   *
%   * may be more entries than references  *
%   * in the text                          *
%   ****************************************
% 
@misc{pca,
  author       = {Lorraine Li},
  howpublished = {Website},
  title        = {Principal Component Analysis for Dimensionality Reduction},
  year         = {2019},
  url          = {https://towardsdatascience.com/principal-component-analysis-for-dimensionality-reduction-115a3d157bad}
}

@misc{mse,
  author       = {Ken Stewart},
  howpublished = {Website},
  title        = {mean squared error},
  year         = {2023},
  url          = {https://www.britannica.com/science/mean-squared-error}
}

@misc{r2,
  author       = {Multiple},
  howpublished = {Website},
  title        = {Coefficient of Determination},
  year         = {2023},
  url          = {https://web.archive.org/web/20230724090737/https://en.wikipedia.org/wiki/Coefficient_of_determination}
}

@misc{ols,
  author       = {Desmond Ong},
  howpublished = {Website},
  title        = {Ordinary Least Squares Derivation},
  year         = {2022},
  url          = {https://desmond-ong.github.io/stats-notes/ordinary-least-squares-regression.html#ordinary-least-squares-derivation}
}

@misc{lasso,
  author       = {{PennState Eberly College of Science}},
  howpublished = {Website},
  title        = {5.4 - The Lasso},
  url          = {https://online.stat.psu.edu/stat508/lesson/5/5.4}
}

@manual{elastic,
  author       = {MathWorks},
  title        = {Lasso and Elastic Net},
  url          = {https://www.mathworks.com/help/stats/lasso-and-elastic-net.html}
}

@booklet{pls1,
  author       = {Kee Siong Ng},
  title        = {A Simple Explanation of Partial Least Squares},
  url          = {http://users.cecs.anu.edu.au/~kee/pls.pdf}
}

@misc{pls2,
  author       = {statsoftsa},
  howpublished = {Website},
  title        = {Partial Least Squares},
  year         = {2012},
  url          = {https://statisticasoftware.wordpress.com/2012/08/23/partial-least-squares-pls/}
}

@misc{nipals,
  author       = {Kevin Wright},
  howpublished = {Website},
  title        = {The NIPALS algorithm},
  year         = {2017},
  url          = {https://cran.r-project.org/web/packages/nipals/vignettes/nipals_algorithm.html}
}

@misc{poly,
  author       = {Yulia Gavrilova},
  howpublished = {Website},
  title        = {Introduction to Polynomial Regression Analysis},
  year         = {2021},
  url          = {https://serokell.io/blog/polynomial-regression-analysis}
}

@article{gradboost,
  author          = {J. Elith AND J. R. Leathwick AND T. Hastie},
  journal         = {Journal of Animal Ecology},
  url             = {doi.org/10.1111/j.1365-2656.2008.01390.x},
  title           = {A working guide to boosted regression trees},
  volume          = {77},
  issue           = {4},
  year            = {2008}
}

@misc{catboost,
  author       = {akshisaxena},
  howpublished = {Website},
  title        = {CatBoost in Machine Learning},
  year         = {n.d.},
  url          = {https://www.geeksforgeeks.org/catboost-ml/}
}

@misc{randomforest,
  author       = {geeksforgeeks},
  url = {https://www.geeksforgeeks.org/random-forest-regression-in-python/},
  title        = {Random Forest Regression in Python},
  year         = {2023}
}

@misc{DNN1,
  author       = {Abraham Anderson},
  title        = {Artificial Neural Networks for Regression},
  year         = {2021},
  url = {https://www.kaggle.com/code/abrahamanderson/artificial-neural-networks-for-regression}
}

@misc{DNN2,
  author       = {Ravish Raj},
  url = {https://www.enjoyalgorithms.com/blog/activation-function-for-hidden-layers-in-neural-networks},
  title        = {Activation Function for Hidden Layers in Neural Networks},
  year         = {2023}
}

@misc{1991223,
title = {Chapter 10 - Gas chromatography},
editor = {E. Smolková-Keulemansová and L. Feltl},
series = {Comprehensive Analytical Chemistry},
publisher = {Elsevier},
volume = {28},
pages = {223-462},
year = {1991},
booktitle = {Analysis of Substances in the Gaseous Phase},
issn = {0166-526X},
url = {doi.org/10.1016/S0166-526X(05)80100-X}
}

@misc{montecarlo,
title = {Monte Carlo cross-validation for a study with binary outcome and limited sample size},
editor = {Guogen Shan},
series = {Medical Informatics and Decision Making},
publisher = {BMC},
volume = {22:270},
pages = {1-15},
year = {2022},
url = {doi.org/10.1186/s12911-022-02016-z}
}

@misc{iupac,
  author       = {{International Union of Pure and Applied Chemistry}},
  url = {https://iupac.org/what-we-do/databases/solubility-data-series/},
  title        = {SOLUBILITY DATA SERIES},
  year         = {2023}
}

@misc{kfold,
  author       = {Satish Gunjal},
  title        = {Tutorial: K Fold Cross Validation},
  year         = {2020},
  url = {https://www.kaggle.com/code/satishgunjal/tutorial-k-fold-cross-validation}
}

@misc{oversampling,
  author       = {Soledad Galli AND Guillaume Lemaitre},
  title        = {2. Over-sampling},
  year         = {2014-2023},
  url = {https://imbalanced-learn.org/stable/over_sampling.html}
}

@misc{sigma,
  author       = {{Sigma Aldrich}},
  url = {https://www.sigmaaldrich.com/GB/en/technical-documents/technical-article/analytical-chemistry/purification/solvent-miscibility-table},
  title        = {Solvent Miscibility Table},
  year         = {2023}
}

@book{ucst,
    author  = {IUPAC},
    title   = {Compendium of Chemical Terminology, the "Gold Book"},
    edition = {2nd},
    url     = {doi.org/10.1351/goldbook},
    editor  = {A. D. McNaught and A. Wilkinson},
    publisher   = { Blackwell Scientific Publications, Oxford (1997)},
    year = {2014}
}

@book{atkins,
    author = {Peter Atkins AND Julio {de Paula} AND James Keeler},
    title = {Atkins' Physical Chemistry},
    publisher = {Oxford University Press},
    edition = {11},
    year = {2018},
    pages = {175}
}

@article{ritonavir,
    author = {John Bauer AND Stephen Spanton AND Rodger Henry AND John Quick AND Walter Dziki AND William Porter AND John Morris},
    title = {Ritonavir: An Extraordinary Example of Conformational Polymorphism},
    journal = {Pharmaceutical Research},
    publisher = {Springer},
    edition = {18},
    year = {2001},
    pages = {859–866},
    url = {https://doi.org/10.1023/A:1011052932607}
}

@misc{ritonavir2,
    author = {Henry Rzepa},
    title = {Ritonavir: a look at a famous example of conformational polymorphism},
    blog = {Chemistry with a twist},
    website = {Imperial College},
    year = {2017},
    url = {https://www.ch.imperial.ac.uk/rzepa/blog/?p=17333}
}

@article{ritonavir3,
    author = {Marcus A. Neumann AND  Jacco van de Streek},
    title = {How many ritonavir cases are there still out there?},
    journal = {Faraday Discuss},
    publisher = {Royal Society of Chemistry},
    edition = {211},
    year = {2018},
    pages = {441–458},
    url = {DOI	https://doi.org/10.1039/C8FD00069G}
}

@misc{RDKit,
title = {RDKit},
author = {Multiple},
url = {https://github.com/rdkit/rdkit}
}

@misc{matplotlib,
title = {Matplotlib},
author = {John Hunter AND Darren Dale AND Eric Firing AND Michael Droettboom},
url = {https://github.com/matplotlib/matplotlib}
}

@misc{PubChemPy,
title = {PubChemPy},
author = {Matt Swain},
url = {https://github.com/mcs07/PubChemPy}
}

@misc{PubChem,
title = {PubChem},
url = {https://pubchem.ncbi.nlm.nih.gov/}
}

@misc{CIRpy,
title = {CIRpy},
url = {https://cirpy.readthedocs.io/en/latest/},
author = {Matt Swain}
}

@misc{sklearn,
title = {Sci-Kit Learn},
url = {https://github.com/scikit-learn/scikit-learn},
author = {Multiple}
}